@article{1995-FahBieMaaMenRupSch,
	title={A microvalve system fabricated by thermoplastic molding},
	author={Fahrenberg, J and Bier, W and Maas, D and Menz, W and Ruprecht, R and Schomburg, WK},
	journal={Journal of Micromechanics and Microengineering},
	volume={5},
	number={2},
	pages={169},
	year={1995},
	publisher={IOP Publishing}
}